@inproceedings{Davidovich2012CONCEPTFC,
  title={CONCEPT FOR CONTINUOUS INTERPLANETARY COMMUNICATIONS},
  author={Stevan M. Davidovich and Joel Whittington},
  year={2012}
}
@article{Durst_Feighery_Scott_2000,
author = {Durst, Robert and Feighery, Patrick and Scott, Keith},
year = {2000},
month = {01},
pages = {},
title = {Why not use the Standard Internet Suite for the Interplanetary Internet?}
}
@mastersthesis{Islam_2017,
title={Development of an NS-3 based network simulator for Space Telemetry},
author={Islam, Khan Md Monjurul},
school={University of Manitoba},
year={2017}
}
@inproceedings{Liu_Qi_Huang_ZhiFeng_Guo_2018,
author = {Liu, Feng and Qi, Jing and Huang, ZhiFeng and Guo, Jia},
title = {Design and Simulation of Satellite Network's CCSDS Protocol},
year = {2018},
isbn = {9781450364218},
publisher = {Association for Computing Machinery},
address = {New York, NY, USA},
booktitle = {Proceedings of the 1st International Conference on Information Science and Systems},
pages = {210â€“214},
numpages = {5},
keywords = {AOS, CCSDS, SPP, Satellite network},
location = {Jeju, Republic of Korea},
series = {ICISS '18}
}
@inproceedings{Tian_Zhu_2023,
author = {Tian, Xiaojian and Zhu, Zuqing},
year = {2023},
month = {06},
pages = {},
title = {On the Topology Scaling of Interplanetary Networks}
}
@INPROCEEDINGS{Raychaudhuri_et_al_2005,
author={Raychaudhuri, D. and Seskar, I. and Ott, M. and Ganu, S. and Ramachandran, K. and Kremo, H. and Siracusa, R. and Liu, H. and Singh, M.},
booktitle={IEEE Wireless Communications and Networking Conference, 2005},
title={Overview of the ORBIT radio grid testbed for evaluation of next-generation wireless network protocols},
year={2005},
volume={3},
number={},
pages={1664-1669 Vol. 3}
}
@software{ns-3,
author={nsnam},
title={NS-3},
url={https://www.nsnam.org/},
version={3.41},
date={2024-02-10}
}
@paper{Khan2017,
    title={Development of an ns-3 Based Network Simulator for Space Telemetry},
    author={Md Monjurul Islam Khan},
    year={2017},
    publisher = {Department of Electrical and Computer Engineering University of Manitoba},
    url = {https://mspace.lib.umanitoba.ca/server/api/core/bitstreams/b1315298-9ccd-43bd-ade5-3064ac410976/content}
}
@INPROCEEDINGS{Puttonen2014,
    author={Jani Puttonen and Sami Rantanen and Frans Laakso and Janne Kurjenniemi and Kari Aho and Guray Acar},
    title={Satellite Model for Network Simulator 3},
    proceedings={Seventh International Conference on Simulation Tools and Techniques},
    publisher={ICST},
    proceedings_a={SIMUTOOLS},
    year={2014},
    month={8},
    keywords={satellite dvb-s2 dvb-rcs2 network simulator 3 ns-3},
    doi={10.4108/icst.simutools.2014.254631}
}
@data{Keith2004,
author = {Scott, Keith and Torgerson, Leigh},
publisher = {Pasadena, CA : Jet Propulsion Laboratory, National Aeronautics and Space Administration, 2004.},
title = {{SCPS - TP : a satellite - enhanced TCP}},
year = {2004},
version = {V1},
doi = {2014/40565},
url = {https://hdl.handle.net/2014/40565}
}
@misc{CCSDS.org,
title={Implementation Software and Guides},
author={CCSDS},
url={https://public.ccsds.org/about/charter.aspx},
journal={CCSDS.org}
}
@INPROCEEDINGS{Morabito_Hastrup,
  author={Morabito, D. and Hastrup, R.},
  booktitle={Proceedings, IEEE Aerospace Conference}, 
  title={Communicating with Mars during periods of solar conjunction}, 
  year={2002},
  volume={3},
  number={},
  pages={3-3},
  keywords={Mars;Sun;Telemetry;Earth;Error analysis;Humans;Space vehicles;Space missions;Frequency;Convolutional codes},
  doi={10.1109/AERO.2002.1035260}}
@ARTICLE{Friis,
  author={Friis, H.T.},
  journal={Proceedings of the IRE}, 
  title={A Note on a Simple Transmission Formula}, 
  year={1946},
  volume={34},
  number={5},
  pages={254-256},
  keywords={Lightning;Laboratories;Receiving antennas;Shape;Transmitting antennas;Voltage;Circuits;Surges;Capacitors;Hazards},
  doi={10.1109/JRPROC.1946.234568}}
@misc{nasa_earth,
title={Earth Fact Sheet},
author={NASA},
url={https://nssdc.gsfc.nasa.gov/planetary/factsheet/earthfact.html}
}
@misc{nasa_mars,
title={Mars Fact Sheet},
author={NASA},
url={https://nssdc.gsfc.nasa.gov/planetary/factsheet/marsfact.html}
}
